@article{carleo2017solving,
  title={Solving the quantum many-body problem with artificial neural networks},
  author={Carleo, Giuseppe and Troyer, Matthias},
  journal={Science},
  volume={355},
  number={6325},
  pages={602--606},
  year={2017},
  publisher={American Association for the Advancement of Science}
}

@article{cai2017approximating,
  title={Approximating quantum many-body wave-functions using artificial neural networks},
  author={Cai, Zi},
  journal={arXiv preprint arXiv:1704.05148},
  year={2017}
}

@article{wang2016discovering,
  title={Discovering phase transitions with unsupervised learning},
  author={Wang, Lei},
  journal={Physical Review B},
  volume={94},
  number={19},
  pages={195105},
  year={2016},
  publisher={APS}
}

@article{stoudenmire2016supervised,
  title={Supervised learning with quantum-inspired tensor networks},
  author={Stoudenmire, E Miles and Schwab, David J},
  journal={arXiv preprint arXiv:1605.05775},
  year={2016}
}

@article{biamonte1611quantum,
  title={Quantum machine learning, 2016},
  author={Biamonte, Jacob and Wittek, Peter and Pancotti, Nicola and Rebentrost, Patrick and Wiebe, Nathan and Lloyd, Seth},
  journal={arXiv preprint arXiv:1611.09347}
}


@misc{physicsml,
  title={Papers},
  url={https://physicsml.github.io/pages/papers.html},
  journal={< physics | machine learning >},
  author={PhysicsML}
}



@book{barenghi2016primer,
  title={A primer on quantum fluids},
  author={Barenghi, Carlo F and Parker, Nick G},
  number={arXiv: 1605.09580},
  year={2016},
  publisher={Springer}
}

@misc{nielsen2015neural,
  title={Neural networks and deep learning},
  author={Nielsen, Michael A},
  year={2015},
  publisher={Determination Press USA}
}

@article{mills2017deep,
  title={Deep learning and the Schr{\"o}dinger equation},
  author={Mills, Kyle and Spanner, Michael and Tamblyn, Isaac},
  journal={Physical Review A},
  volume={96},
  number={4},
  pages={042113},
  year={2017},
  publisher={APS}
}

@article{kingma2014adam,
  title={Adam: A method for stochastic optimization},
  author={Kingma, Diederik and Ba, Jimmy},
  journal={arXiv preprint arXiv:1412.6980},
  year={2014}
}

@book{goodfellow2016deep,
  title={Deep learning},
  author={Goodfellow, Ian and Bengio, Yoshua and Courville, Aaron},
  year={2016},
  publisher={MIT press}
}

@article{dennis2013xmds2,
  title={XMDS2: Fast, scalable simulation of coupled stochastic partial differential equations},
  author={Dennis, Graham R and Hope, Joseph J and Johnsson, Mattias T},
  journal={Computer Physics Communications},
  volume={184},
  number={1},
  pages={201--208},
  year={2013},
  publisher={Elsevier}
}

@article{muruganandam2009fortran,
  title={Fortran programs for the time-dependent Gross--Pitaevskii equation in a fully anisotropic trap},
  author={Muruganandam, Paulsamy and Adhikari, Sadhan K},
  journal={Computer Physics Communications},
  volume={180},
  number={10},
  pages={1888--1912},
  year={2009},
  publisher={Elsevier}
}

@inproceedings{zimmermann2011comparison,
  title={Comparison of the Complex Valued and Real Valued Neural Networks Trained with Gradient Descent and Random Search Algorithms.},
  author={Zimmermann, Hans-Georg and Minin, Alexey and Kusherbaeva, Victoria},
  booktitle={ESANN},
  year={2011}
}

@article{paszke2017automatic,
  title={Automatic differentiation in PyTorch},
  author={Paszke, Adam and Gross, Sam and Chintala, Soumith and Chanan, Gregory and Yang, Edward and DeVito, Zachary and Lin, Zeming and Desmaison, Alban and Antiga, Luca and Lerer, Adam},
  year={2017}
}

@article{zeiler2012adadelta,
  title={ADADELTA: an adaptive learning rate method},
  author={Zeiler, Matthew D},
  journal={arXiv preprint arXiv:1212.5701},
  year={2012}
}

@article{rogel2013gross,
  title={The Gross--Pitaevskii equation and Bose--Einstein condensates},
  author={Rogel-Salazar, Jesus},
  journal={European Journal of Physics},
  volume={34},
  number={2},
  pages={247},
  year={2013},
  publisher={IOP Publishing}
}

@book{pethick2002bose,
  title={Bose-Einstein condensation in dilute gases},
  author={Pethick, Christopher J and Smith, Henrik},
  year={2002},
  publisher={Cambridge university press}
}
